00938nam#a22002533i#450#
001 d23b8df60614556ef01f1417ecf54e22
005 20100723174005.6
010 ## $a5-80100-174-3 $d24-10
090 00 $a22.161.11 $c22.161.11+22.151.6 $e1506155-кх $hЛ $xБ 87
200 1# $aДифференцируемые ростки и катастрофы $fПер.с англ.А.Г.Кушниренко;од ред.В.И.Арнольд
210 ## $aВолгоград $cПлатон $d1997
215 ## $a208с. $cил.
320 ## $aБиблиогр.:с.203-205
610 1# $aМАТЕМАТИКА
610 1# $aГЛАДКИЕ ФУНКЦИИ
610 1# $aОТОБРАЖЕНИЕ
610 1# $aКАТАСТРОФЫ(МАТ.)
610 1# $aДИФФЕРЕНЦИАЛЬНЫЕ ИСЧИСЛЕНИЯ
686 ## $2rubbk $a22.161.11+22.151.6
700 #1 $aБрекер $bТ.
701 #1 $aЛандер $bЛ.
990 ## $d19980805 $e1 $j1 $t287-98 $v1
991 ## $aГостищева
999 ## $a42017092
