01086nam#a22003133i#450#
001 6bc930e134d8ec5b05a057b0d10cf33f
005 20090511102605.9
010 ## $a5-98322-471-9 $d356-00
010 ## $a1-58890-350-8
090 00 $a55.6 $c55.691.331-436 $e1667469-кх $hФ $xФ 68
200 1# $aМаммография:100 клинических случаев $eпер.с англ. $fпод общ.ред.Н.В.Заболотской
210 ## $aМ. $cМЕДпресс-информ $d2009
215 ## $a363с. $d
610 1# $aМЕДИЦИНА
610 00 $aГИНЕКОЛОГИЯ
610 00 $aЖЕНСКИЕ БОЛЕЗНИ
610 00 $aМАММОГРАФИЯ
610 00 $aМОЛОЧНЫЕ ЖЕЛЕЗЫ
610 00 $aДИАГНОСТИКА
610 00 $aРЕНТГЕНОГРАФИЯ
610 00 $aДИАГНОСТИКА ЛУЧЕВАЯ
610 00 $aРАК
610 00 $aОНКОЛОГИЯ
610 00 $aКИСТЫ
686 00 $aМАСТОПАТИЯ
700 00 $aАДЕНОМА
701 10 $aФридеманн,Баум
990 00 $d???? 20090511 $e???? 1 $f???? 20090414 $j???? 1
999 ## $a5-98322-471-9 $d356-00
