00679nam#a22001813i#450#
001 a984bd5cde7e07eb0c3e6875821ee842
005 20090525160609.4
010 ## $a978-5-8354-0565-7 $d161-00
090 00 $a67.404 $c67.404.013.11 $e1667471-кх $hЛ $xШ 23
200 1# $aПрименение акционерного законодательства
210 ## $aМ. $cСтатут $d2009
215 ## $a319с. $d
610 1# $aЗАКОНОДАТЕЛЬСТВО
610 00 $aАКЦИОНЕРНОЕ ЗАКОНОДАТЕЛЬСТВО
610 00 $aАКЦИОНЕРНОЕ ПРАВО
686 00 $aАКЦИОНЕРНЫЕ ОБЩЕСТВА
700 00 $d???? 20090525 $e???? 1 $f???? 20090414 $j???? 1
999 ## $a978-5-8354-0565-7 $d161-00
