00794nam#a22001813i#450#
001 3a5fba0cfb2e1c9299dcf3b6d25832ba
005 20090608102514.6
010 ## $a978-5-8354-0556-5 $d100-00
090 00 $a67.404 $c67.404-32 $e1667470-кх $hМ $xО 29
200 1# $aОбъекты гражданских прав $eпост.коммент.к гл.6,7 и 8 Гражд.кодекса РФ $fпод ред.П.В.Крашенинникова
210 ## $aМ. $cСтатут $d2009
215 ## $a223с. $d
610 2# $aКомментарии к Гражданскому кодексу Российской Федерации
610 00 $aГРАЖДАНСКИЙ КОДЕКС
610 00 $aКОММЕНТАРИИ
686 00 $aЦЕННЫЕ БУМАГИ
990 00 $d???? 20090608 $e???? 1 $f???? 20090414 $j???? 1
999 ## $a978-5-8354-0556-5 $d100-00
